<record><leader>00000cas a22000007a 4500</leader><controlfield tag="001">15245212</controlfield><controlfield tag="008">870226d18751885wiudn ne      0    0eng d</controlfield><datafield ind1=" " ind2=" " tag="010"><subfield code="a">sn 87082099 </subfield></datafield><datafield ind1=" " ind2=" " tag="040"><subfield code="a">NPV</subfield><subfield code="b">eng</subfield><subfield code="c">NPV</subfield><subfield code="d">OCLCQ</subfield></datafield><datafield ind1=" " ind2=" " tag="042"><subfield code="a">msc</subfield></datafield><datafield ind1="0" ind2=" " tag="130"><subfield code="a">Oshkosh daily northwestern (Oshkosh, Wis. : 1875)</subfield></datafield><datafield ind1="1" ind2="4" tag="245"><subfield code="a">The Oshkosh daily northwestern.</subfield></datafield><datafield ind1="1" ind2="3" tag="246"><subfield code="a">Daily northwestern</subfield></datafield><datafield ind1="3" ind2="0" tag="246"><subfield code="a">Oshkosh northwestern</subfield></datafield><datafield ind1=" " ind2=" " tag="260"><subfield code="a">Oshkosh, Wis. :</subfield><subfield code="b">Allen &amp; Hicks,</subfield><subfield code="c">-1885.</subfield></datafield><datafield ind1=" " ind2=" " tag="300"><subfield code="a">v.</subfield></datafield><datafield ind1=" " ind2=" " tag="310"><subfield code="a">Daily (except Sunday)</subfield></datafield><datafield ind1="1" ind2=" " tag="362"><subfield code="a">Began in May 1875.</subfield></datafield><datafield ind1="0" ind2=" " tag="362"><subfield code="a">-May 5, 1885.</subfield></datafield><datafield ind1=" " ind2=" " tag="580"><subfield code="a">Issued also in a weekly edition called: The northwestern, 1874-1877; Oshkosh northwestern, 1877-1885.</subfield></datafield><datafield ind1=" " ind2=" " tag="588"><subfield code="a">Description based on: Vol. 8, no. 107 (May 6, 1875).</subfield></datafield><datafield ind1=" " ind2=" " tag="752"><subfield code="a">United States</subfield><subfield code="b">Wisconsin</subfield><subfield code="c">Winnebago</subfield><subfield code="d">Oshkosh.</subfield></datafield><datafield ind1="1" ind2=" " tag="775"><subfield code="t">Northwestern (Oshkosh, Wis. : 1874)</subfield><subfield code="w">(DLC)sn 85041592</subfield></datafield><datafield ind1="1" ind2=" " tag="775"><subfield code="t">Oshkosh northwestern (Oshkosh, Wis. : 1877 : Weekly)</subfield><subfield code="w">(DLC)sn 85041593</subfield></datafield><datafield ind1="0" ind2="0" tag="780"><subfield code="t">Daily northwestern (Oshkosh, Wis. : 1868)</subfield><subfield code="w">(DLC)sn 85033207</subfield></datafield><datafield ind1="0" ind2="0" tag="785"><subfield code="t">Daily northwestern (Oshkosh, Wis. : 1885)</subfield><subfield code="w">(DLC)sn 87082100</subfield></datafield></record>